<record xmlns="http://www.loc.gov/MARC21/slim" xmlns:xsi="http://www.w3.org/2001/XMLSchema-instance" xsi:schemaLocation="http://www.loc.gov/MARC21/slim http://www.loc.gov/standards/marcxml/schema/MARC21slim.xsd">

  <leader>00760nab a22001817a 4500</leader>
  <datafield ind1=" " ind2=" " tag="999">
    <subfield code="c">3411</subfield>
    <subfield code="d">3411</subfield>
  </datafield>
  <controlfield tag="008">170320b2012    cr ||||| |||| 00| | spa d</controlfield>
  <datafield ind1=" " ind2=" " tag="022">
    <subfield code="a">2215-2938</subfield>
  </datafield>
  <datafield tag="090" ind1=" " ind2=" ">
    <subfield code="a">REVIS</subfield>
    <subfield code="b">06.02.01</subfield>
  </datafield>
  <datafield tag="100" ind1="1" ind2=" ">
    <subfield code="9">3096</subfield>
    <subfield code="a">Muñoz Villalobos, Alejandro</subfield>
  </datafield>
  <datafield tag="245" ind1="1" ind2="0">
    <subfield code="a">Educación y sustentabilidad de la vida. En la búsqueda de la responsabilidad social y ecológica / Alejandro Muñoz Villalobos</subfield>
  </datafield>
  <datafield ind1=" " ind2=" " tag="260">
    <subfield code="a">Costa Rica :</subfield>
    <subfield code="b">Departamento de Investigacionies, Universidad De La Salle,</subfield>
    <subfield code="c">2013</subfield>
  </datafield>
  <datafield ind2=" " ind1=" " tag="300">
    <subfield code="a">pp. 21-27</subfield>
  </datafield>
  <datafield ind1="1" ind2="4" tag="650">
    <subfield code="9">387</subfield>
    <subfield code="a">APRENDIZAJE </subfield>
  </datafield>
  <datafield tag="650" ind2="4" ind1="1">
    <subfield code="9">396</subfield>
    <subfield code="a">SOCIEDAD </subfield>
  </datafield>
  <datafield tag="650" ind2="4" ind1="1">
    <subfield code="9">1770</subfield>
    <subfield code="a">PEDAGOGÍA</subfield>
  </datafield>
  <datafield ind2=" " ind1="0" tag="773">
    <subfield code="d">Costa Rica : Departamento de Investigaciones, Universidad De La Salle, 2012-</subfield>
    <subfield code="o">R0642</subfield>
    <subfield code="t">Revista Redpensar</subfield>
    <subfield code="x">2215-2938</subfield>
    <subfield code="g">Vol1, no.2 (diciembre 2012)</subfield>
  </datafield>
  <datafield ind2=" " ind1=" " tag="942">
    <subfield code="2">z</subfield>
    <subfield code="c">10</subfield>
  </datafield>
</record>